1728 2947
131 130 185 170 '76
748 124 970 166 PLAVTI
1315 122 1391 172 IV,
1419 121 1458 171 3,
1492 119 1598 161 1-3

397 282 848 325 MNESILOCHVS.
908 279 1336 322 PISTOCLERVS.

647 450 1076 489 Mssssuocnvs.

134 538 349 588 Postulans,
366 543 578 591 protei-uo,
594 536 794 578 iracundo
813 537 965 587 animo,
980 537 1195 586 indomito,
1211 534 1455 588 incogitato‚
1482 545 1595 584 [580]

134 627 237 669 Sine
267 627 390 667 modo
423 634 465 667 et
495 626 703 667 mode'stia
735 639 848 680 sum,
883 625 976 666 sine
1010 627 1116 666 bono
1148 626 1234 665 iure
1264 624 1392 678 aitque
1421 625 1594 677 honore,

136 709 409 756 'Incredibilis
441 713 662 767 imposque
688 714 828 766 animi,
861 711 1114 765 inamabilis,
1144 710 1352 764 inle‘pidus
1384 711 1497 763 uiuo,

236 892 334 924 Act.
362 893 433 924 IV.
459 894 589 924 Scen.
612 893 648 924 3.
718 892 1024 924 MNESILOCVS
1058 890 1379 923 PISTOCLERVS
1414 889 1594 921 ADOLE-

136 954 346 986 SCENTES
371 953 438 986 B.
461 962 532 985 om.
550 952 691 987 CDa.
717 953 1056 985 MNESILOCHVS
1082 951 1183 985 Db.
1208 951 1457 982 Mnesilochus.
1483 951 1596 982 Pisto-

136 1015 260 1046 clerus
280 1013 370 1047 Fz
395 1013 496 1053 (nisi
518 1015 618 1055 quod
643 1022 662 1045 c
684 1023 758 1054 pro
784 1014 825 1044 ch
853 1012 918 1054 Z)
1055 1013 1169 1044 Miris
1194 1012 1316 1043 modis
1341 1012 1600 1051 depravatam

135 1083 290 1106 scenam
323 1083 408 1105 cnm
442 1074 648 1104 secundum
681 1075 880 1114 vulyatam
919 1082 1098 1104 versuum
1135 1071 1466 1111 distributionem,
1505 1079 1601 1112 quae

139 1136 409 1168 Camerarium
443 1136 641 1166 [uectorem
671 1135 803 1173 habet,
836 1134 922 1165 inde
955 1143 979 1165 a
1004 1143 1038 1164 r.
1063 1133 1140 1164 626
1172 1142 1241 1164 nos
1274 1132 1366 1163 olim
1391 1131 1604 1163 trochaicis

137 1196 308 1228 numeris
341 1196 695 1235 descripsissemus,
732 1196 872 1225 contra
899 1194 1074 1225 iambicis
1098 1193 1333 1233 septenariis
1359 1193 1604 1224 Hermannus

137 1266 285 1298 nuper:
319 1258 360 1288 ut
392 1259 430 1287 in
463 1257 575 1287 tanta
608 1255 831 1295 opinionum
863 1255 1116 1295 fluctuatione
1154 1254 1320 1285 certiore
1343 1254 1598 1295 fundamento

137 1318 363 1356 niteremur,
392 1324 493 1347 nnnc
518 1315 563 1345 ab
589 1323 633 1345 ea
658 1323 836 1345 versuum
862 1313 1123 1354 descriptione
1146 1312 1321 1354 profecti
1344 1321 1474 1343 sumus
1487 1320 1601 1353 quam

136 1377 190 1411 B
213 1375 393 1408 servavit.
432 1375 554 1414 Quam
590 1374 680 1405 dum
713 1375 880 1404 tenemus
915 1374 1098 1414 quantum
1123 1372 1211 1412 fieri
1233 1371 1383 1412 potuit,
1410 1369 1601 1402 trochaici

137 1439 370 1480 prodierunt
393 1439 481 1477 post
506 1438 583 1468 tres
609 1435 833 1467 octonarios
859 1434 1033 1466 continui
1051 1433 1266 1474 septenarii
1281 1433 1468 1464 undecim.
1496 1432 1601 1471 Quo-

140 1501 245 1532 niam
271 1501 397 1531 autem
423 1507 508 1529 cum
533 1497 571 1528 in
597 1497 669 1527 hac
694 1497 810 1537 parte
835 1496 913 1526 tum
939 1494 977 1525 in
1004 1494 1056 1525 eis
1082 1493 1144 1535 qui
1175 1493 1417 1533 praecedunt
1446 1492 1600 1523 creticis

140 1560 427 1601 bacchiacisque
454 1559 535 1590 sine
561 1558 693 1600 aliqua
716 1556 899 1588 audentia
921 1555 1164 1597 (quanquam
1193 1554 1487 1595 haudquaquam
1512 1561 1595 1584 ma-

138 1624 221 1656 iore
245 1631 357 1664 quam
383 1631 458 1664 qua
483 1622 705 1652 Hermanno
738 1628 834 1659 opus
865 1618 967 1660 fuit)
997 1618 1047 1649 ad
1072 1617 1374 1648 instaurandam
1399 1615 1601 1648 concinni-

139 1686 257 1716 tatem
282 1684 424 1714 Ptauto
449 1691 523 1713 non
548 1681 747 1722 indignam
774 1680 870 1711 nihil
894 1679 1037 1720 profici
1060 1679 1209 1719 potuit.-
1243 1679 1284 1709 ut
1308 1679 1343 1708 et
1366 1677 1465 1708 satis
1495 1678 1600 1708 certo

139 1749 184 1780 de
210 1747 262 1780 Β
289 1746 484 1778 constaret
509 1745 544 1775 et
568 1753 641 1775 uno
668 1744 869 1774 oculorum
895 1743 1053 1773 contutu
1080 1740 1287 1772 tralaticia
1312 1739 1458 1779 species
1487 1739 1599 1770 huius

141 1809 286 1843 cantici
312 1807 580 1847 comprehendi
604 1807 749 1846 posset,
784 1805 906 1845 ipsius
937 1804 990 1837 R
1023 1805 1240 1844 eoeemplnm
1274 1803 1464 1842 iizteyrum
1489 1802 1600 1844 infra

138 1871 350 1912 posuimus,
377 1869 615 1909 reliquorum
642 1868 768 1898 autem
795 1867 969 1898 codicum
998 1874 1071 1896 non
1098 1874 1121 1895 a
1146 1865 1278 1896 nostro
1309 1864 1508 1904 exemplo,
1533 1862 1599 1894 sed

141 1941 165 1963 a
190 1931 243 1964 R
268 1929 554 1969 discrepantias
579 1927 971 1959 commemoravimus.
1001 1926 1176 1958 Ceterum
1201 1934 1225 1956 a
1250 1924 1302 1957 B
1326 1924 1448 1966 facile
1473 1932 1602 1963 appa-

139 1992 236 2024 rebit
261 1991 313 2022 eis
336 1989 575 2031 potissimum
603 1987 699 2019 locis
724 1988 997 2018 discedendum
1022 1986 1155 2027 fuisse,
1181 1985 1218 2016 in
1245 1985 1376 2026 quihus
1403 1985 1472 2015 aut
1493 1985 1601 2025 μισε-

140 2053 297 2085 semotis
329 2060 412 2083 cum
445 2051 582 2090 poetae
614 2048 738 2080 verbis
761 2047 970 2089 ytutinatis
996 2048 1064 2078 aut
1087 2046 1267 2087 partibus
1291 2045 1515 2087 quibusdam
1539 2045 1600 2075 vel

142 2113 318 2147 traiectis
340 2121 549 2153 perperam
574 2112 635 2142 vel
660 2110 814 2142 incuria
841 2109 989 2141 omissis
1007 2108 1199 2148 pristinus
1219 2107 1491 2139 ordiendorum
1516 2106 1597 2136 ter-

141 2175 485 2214 minandorumque
510 2179 687 2202 versuum
713 2171 806 2201 ordo
833 2170 1011 2200 turbatus
1036 2170 1150 2200 esset:
1184 2176 1348 2210 quarum
1374 2175 1603 2197 caussarum

145 2240 275 2270 cadem
312 2237 372 2268 liic
403 2236 460 2267 vis
491 2235 569 2276 suit
601 2236 713 2275 atque
744 2234 782 2264 in
812 2232 1028 2264 Trinummi
1053 2231 1217 2263 canticis
1240 2230 1322 2262 illis
1346 2238 1506 2271 quorum
1533 2237 1603 2260 ew-

142 2301 271 2340 empta
296 2298 595 2338 Proleyomenon
623 2303 709 2334 cap.
735 2302 857 2324 Xl'lll.
883 2292 1167 2333 proposuimus.

230 2379 401 2412 Petulans
423 2380 615 2416 propteruo
642 2375 812 2406 iracundo
837 2373 953 2404 animo
980 2371 1149 2402 indomito
1175 2369 1373 2409 incogitata

233 2441 319 2472 Sine
345 2441 446 2470 modo
472 2441 505 2468 et
531 2437 699 2468 modestia
725 2437 793 2466 sum
821 2434 894 2465 sine
919 2434 1012 2464 bono
1038 2433 1112 2463 iure
1138 2436 1240 2470 atque
1267 2431 1399 2461 honore

232 2483 464 2540 Incredibilis
488 2499 666 2538 imposque
690 2495 796 2527 animi
822 2493 1021 2527 inamabilis
1042 2492 1218 2532 inlepidus
1239 2491 1319 2522 uiuo

147 2607 202 2638 De
226 2614 261 2637 v.
289 2604 481 2635 612-614
504 2603 589 2634 ride
614 2603 878 2633 Hermannum
906 2600 1026 2630 Elem.
1051 2599 1086 2629 d.
1104 2599 1215 2629 metr.
1231 2606 1269 2637 p.
1285 2596 1350 2637 92,
1369 2595 1475 2627 Prot.
1494 2594 1602 2625 Trin.

144 2677 183 2708 p.
209 2675 354 2699 cxctn.
448 2665 532 2695 612.
557 2666 677 2696 Mxsss.
724 2662 866 2695 etulans
890 2660 937 2695 Ο.
964 2660 1153 2691 Pectulans
1172 2658 1225 2691 D
1317 2660 1484 2696 proteruo
1510 2652 1602 2688 Fz

236 2726 319 2757 613.
346 2725 584 2762 honoreJiure
609 2724 744 2755 honore
767 2722 832 2756 D.
857 2729 954 2753 more
979 2719 1182 2751 Acidalius
1339 2716 1422 2748 614.
1448 2714 1605 2746 incredi-

151 2802 235 2835 bilis
258 2800 444 2836 ΕΒΓΖ
570 2800 771 2841 imposquae
788 2798 835 2833 C.
861 2798 975 2838 impos
996 2806 1098 2838 quem
1112 2795 1204 2830 Da
1327 2792 1490 2833 illepidus
1509 2789 1605 2824 ΓΖ
