1728 2947
1531 110 1591 150 xl

126 232 195 271 vel
227 243 330 272 sana
365 232 433 271 vel
465 231 694 271 tolerabilia
728 242 824 270 esse
855 230 1092 270 certissime
1121 236 1349 282 constaret,
1381 239 1452 271 aut
1482 231 1592 272 libe-

124 320 243 359 rioris
283 321 548 360 coniecturae
588 334 667 372 ope
709 333 758 360 ea
797 320 1094 361 substituenda
1139 334 1249 374 quac
1292 333 1370 362 nec
1419 320 1593 374 indigna

124 408 278 447 Plauto
310 414 351 448 et
383 421 406 447 a
435 408 629 447 librorum
664 407 745 447 lide
778 421 856 447 non
889 408 1009 446 nimis
1041 409 1177 448 aliena
1208 409 1478 451 viderentur:
1515 422 1594 450 nos

124 494 292 547 quidem
325 499 366 533 et
396 494 728 533 membranarum
758 495 901 533 illuvie
931 507 1032 533 sese
1061 495 1413 549 ingurgitantium
1437 499 1592 539 vitioso

126 582 330 636 appetitui
362 587 404 621 et
432 582 648 621 lautiorem
680 582 780 622 artis
813 582 1054 622 munditiem
1088 585 1476 636 concupiscentium
1508 586 1592 625 ho-

125 670 258 710 nestis
290 668 511 708 desideriis
541 671 664 709 simul
696 670 778 709 hoc
808 671 984 710 artificio
1017 672 1325 725 consuluimus,
1358 679 1403 713 ut
1433 673 1592 713 libera-

125 758 218 797 liter
249 757 467 797 instaurati
498 762 650 809 poetae
681 759 877 810 exemplo
908 760 1213 801 subiiceremus
1248 763 1287 802 in
1317 763 1591 804 annotatione

124 861 206 887 non
236 848 400 900 singula
431 848 689 887 librariorum
722 856 918 901 peccata,
950 849 1027 888 sed
1059 850 1253 904 integrae
1290 862 1448 891 scenae
1485 863 1594 892 con-

126 942 358 980 tinuitatem
393 954 416 980 e
447 941 608 980 Vetere
639 940 790 980 codice
821 951 1096 992 expressam:
1142 939 1271 993 idque
1302 941 1523 980 consilium
1553 941 1593 980 in

132 1038 345 1085 posterum
377 1031 628 1070 tenebimus.

235 1119 358 1170 Quod
392 1127 531 1160 autem
563 1120 613 1160 de
645 1122 900 1161 canticorum
923 1120 1190 1173 probabiliter
1212 1118 1588 1159 describendorum

129 1209 230 1249 mira
250 1220 381 1261 saepe
401 1209 679 1261 ambiguitate
701 1209 804 1261 dixi,
834 1209 872 1249 id
894 1209 1046 1263 insigni
1078 1209 1328 1250 documento
1358 1219 1471 1247 nunc
1499 1208 1594 1260 ipse

129 1299 349 1349 experior,
389 1309 481 1336 cum
526 1309 601 1336 eos
631 1309 783 1336 versus
811 1297 957 1348 relego
988 1296 1136 1349 quibus
1165 1304 1288 1336 actus
1319 1309 1378 1337 lv.
1407 1308 1539 1337 scena
1569 1309 1594 1336 e

128 1385 295 1437 vulgari
324 1384 566 1424 numerandi
597 1386 760 1423 ratione
791 1384 955 1424 decima
987 1390 1171 1424 constat.
1232 1384 1370 1435 Quam
1402 1396 1495 1424 cum
1526 1386 1593 1424 al-

128 1472 271 1511 ternis
299 1472 525 1511 octonariis
565 1472 907 1524 septenariisque
939 1473 1205 1512 Hermannus
1239 1474 1336 1512 olim
1368 1485 1392 1512 a
1425 1484 1472 1512 se
1501 1472 1594 1512 dis-

128 1560 305 1613 positam
335 1573 467 1611 nuper
491 1561 707 1600 maluisset
731 1561 835 1600 solis
862 1561 1089 1599 octonariis
1112 1560 1335 1601 decurrere
1361 1560 1592 1601 secundum

129 1663 263 1690 meam
296 1650 564 1703 sententiam,
596 1651 677 1690 hoe
702 1663 785 1703 ego
805 1651 902 1690 mihi
923 1650 1158 1690 confirmari
1181 1663 1336 1703 passus
1358 1652 1394 1691 in
1414 1652 1595 1692 editione

129 1738 210 1777 iam
241 1750 393 1776 vereor
421 1751 474 1776 ne
506 1738 663 1777 rectius
697 1744 939 1777 recusatum
971 1751 995 1777 a
1017 1750 1083 1777 me
1106 1737 1261 1777 detecti
1281 1738 1370 1777 veri
1391 1737 1595 1778 honorem

132 1827 305 1880 pristino
337 1827 568 1865 Hermanni
597 1827 739 1866 sensui
770 1827 1008 1866 retribuam.
1067 1827 1162 1865 Nisi
1195 1826 1304 1879 quod
1324 1826 1433 1866 haud
1458 1828 1597 1879 paullo

133 1919 360 1966 maiorem,
404 1927 526 1967 quam
559 1916 597 1954 in
632 1928 712 1967 qua
744 1915 811 1953 ille
840 1915 1114 1967 acquieverat
1142 1914 1180 1953 in
1212 1915 1460 1968 Elementis,
1493 1928 1600 1955 con-

134 2005 376 2043 cinnitatem
410 2005 611 2055 consequi
642 2005 705 2042 sic
735 2004 856 2043 lieet:

135 2097 271 2146 Quam
301 2098 438 2147 mciyz's
469 2099 513 2134 in
542 2100 711 2146 pectore
741 2090 832 2133 ηιέο
855 2098 993 2147 forceo,
1024 2109 1131 2146 quas
1157 2095 1277 2134 me'us
1302 2097 1419 2147 filius
1451 2099 1600 2136 turba's

1015 2186 1163 2230 turbet,

247 2273 383 2321 Quam
421 2288 467 2313 se
506 2275 565 2312 a'd
600 2276 732 2313 uitam
767 2278 808 2313 et
839 2286 942 2325 quos
974 2274 1033 2311 a'd
1058 2286 1196 2311 mores
1221 2272 1494 2323 praecipitem
1524 2276 1596 2312 in-

1020 2365 1154 2400 scitus
1186 2361 1411 2411 cape'ssat:

141 2451 287 2500 Magis
318 2450 490 2489 cziraest
517 2454 735 2503 maqisque
773 2450 1029 2502 adfo'rmido,
1070 2465 1122 2490 ne
1151 2454 1188 2490 is
1214 2451 1364 2502 pe'reat
1393 2463 1475 2491 neu
1507 2464 1604 2490 cor-

1023 2539 1260 2588 reimpalur.

253 2625 377 2664 Scio:
415 2626 487 2677 fu'i
512 2639 587 2676 eqo
617 2627 691 2666 illa
725 2631 861 2666 aetate
890 2626 932 2666 e't
955 2628 1044 2679 feci
1073 2627 1148 2665 illa
1177 2626 1342 2676 omnia,
1383 2632 1450 2666 set
1486 2640 1600 2666 more

1022 2714 1218 2755 mode'sto.
