1728 2947
186 107 251 148 Vl

186 231 464 284 Aululariam,
497 237 659 284 partem
687 232 869 285 paginae
894 232 919 273 f.
947 232 1031 271 19α
1057 237 1154 284 post
1181 233 1500 285 Amphitruonis
1530 236 1645 284 1v‚2.

182 318 374 372 Paginae
404 320 554 359 tertiae
585 322 696 359 imus
728 333 874 372 margo
905 321 1071 359 nomina
1102 321 1286 360 ostendit
1316 319 1474 362 ‘Guido
1503 325 1644 364 Nobi-

181 403 292 445 lius’:
324 406 481 458 primae
498 412 636 445 autem
656 407 922 447 membranae
941 409 1096 462 pagina
1115 411 1247 448 altera
1270 416 1364 462 post
1386 412 1644 464 epigramma

181 493 421 533 Plautinum
454 501 495 534 et
522 507 614 534 ΧΠ.
646 508 753 548 quae
782 497 922 536 insunt
967 497 1278 538 comoediarum
1320 499 1497 538 iudicem
1538 499 1645 541 haec

182 582 337 623 verba:
380 580 465 621 ‘Ex
496 582 609 621 libris
640 583 812 622 fratrum
844 584 997 623 ordinis
1029 586 1081 624 D.
1114 586 1332 626 Francisci
1362 589 1524 627 Montis
1554 589 1643 628 Po-

184 669 330 722 litiani,
362 672 483 709 iussu
516 670 720 711 Caesaris
753 673 844 711 loco
877 673 1057 726 depositi
1088 676 1127 714 in
1159 676 1388 715 sacrarium
1421 676 1645 716 Mediceae

181 757 468 796 Bibliothecae
508 759 646 798 inlatis
690 768 862 801 curante
899 764 1009 815 Ang.
1047 765 1154 803 Mar.
1187 765 1389 804 Bandiuio
1420 766 1466 806 S.
1499 765 1547 806 C.
1581 767 1642 806 M.

181 845 375 884 Biblioth.
407 846 560 885 Mense
591 848 703 900 Aug.
735 850 1090 890 claracturqu’

291 933 346 992 (J
385 936 695 977 Laurentianus
726 940 778 990 pl.
805 951 957 981 xxxvi.
986 940 1056 991 36,
1089 940 1127 979 in
1160 952 1358 981 ccccxxi.
1389 941 1643 981 membranis

179 1025 341 1065 formae
373 1026 603 1079 maximae,
646 1039 849 1066 versuum
884 1039 1014 1077 xxiv,
1045 1028 1263 1067 Plautinas
1302 1029 1467 1068 fabulas
1497 1041 1644 1068 omnes

179 1116 251 1168 (ut
272 1123 468 1170 quattuor
490 1118 762 1157 Laurentiani
789 1118 958 1171 reliqui)
991 1120 1293 1171 complectenS,
1329 1117 1394 1158 (Ε.
1418 1114 1645 1157 Phedrum’

180 1205 354 1243 saeculo
372 1216 463 1244 xvi.
487 1217 779 1257 possessorem
810 1213 989 1258 testanS,
1022 1218 1185 1245 vacuas
1215 1206 1392 1259 paginas
1417 1211 1513 1257 post
1536 1206 1643 1244 Am-

179 1289 414 1341 phitruonis
445 1302 506 1339 lv,
536 1290 563 1328 2
593 1297 789 1343 quattuor
820 1297 861 1330 et
892 1290 1102 1329 dimidiam
1136 1290 1322 1341 habens,
1363 1300 1460 1341 post
1502 1289 1643 1328 Aulu-

180 1378 322 1417 lariam
356 1391 480 1418 unam
512 1386 553 1418 et
584 1379 808 1431 dimidiam,
841 1380 945 1418 inter
965 1377 1187 1430 Epidicum
1219 1383 1260 1416 et
1290 1376 1526 1417 Bacchides
1558 1382 1646 1415 tres

180 1472 222 1506 et
252 1467 445 1507 dimidias
476 1467 609 1520 duas,
651 1469 755 1507 duas
795 1470 910 1508 initio
941 1467 1155 1507 Pseuduli.
1214 1468 1505 1520 Discrepantis
1533 1468 1643 1508 scri-

179 1561 327 1607 pturae
366 1558 606 1595 notationes
646 1570 726 1595 non
770 1568 927 1608 paucas
968 1557 1183 1608 margines
1224 1562 1393 1608 tenent,
1439 1556 1637 1608 ascriptis

181 1645 423 1696 plerumque
460 1644 526 1683 his
566 1645 709 1684 verbis
749 1648 793 1683 z'n
824 1645 905 1683 alio
938 1646 1077 1683 codice
1108 1644 1176 1683 vel
1208 1648 1252 1682 in
1282 1647 1452 1696 antiquo
1482 1645 1647 1683 codice.-

180 1733 293 1773 unde
331 1740 507 1785 apparet
550 1733 658 1772 duos
700 1734 906 1772 librarium
951 1731 1124 1770 codices
1164 1744 1417 1784 usurpasse,
1470 1744 1645 1785 quorum

181 1819 288 1859 alter
319 1820 610 1872 interpolatam
654 1820 790 1859 Plauti
831 1820 1122 1857 recensionem
1162 1818 1405 1871 exhiberet,
1448 1818 1556 1858 alter
1592 1818 1644 1858 ab

180 1907 245 1948 his
282 1908 667 1960 interpolationibus
706 1908 846 1960 paullo
889 1909 1055 1947 liberior
1097 1908 1275 1960 propius
1319 1906 1545 1947 accederet
1589 1906 1644 1946 ad

182 1997 381 2037 Vaticani
419 1996 481 2039 l)
524 1998 824 2051 integritatem.
891 1997 1212 2037 Memorabilius
1253 2004 1318 2036 est
1359 1996 1467 2049 quod
1510 1995 1643 2036 eidem

183 2089 396 2143 margines
419 2088 683 2128 multitudine
707 2090 1023 2129 annotationum
1046 2089 1457 2141 explicationumque
1489 2089 1646 2140 oppleti

183 2181 282 2214 sunt
311 2187 466 2228 magna
498 2187 551 2214 ex
582 2182 700 2227 parte
731 2182 774 2215 et
803 2176 1100 2215 uberrimarum
1133 2181 1174 2214 et
1206 2175 1562 2214 doctissimarum:
1602 2178 1642 2214 in

183 2264 336 2317 quibus
362 2271 501 2303 tamen
529 2266 601 2304 vix
624 2265 900 2318 quicquam*)
930 2265 1106 2318 repperi,
1139 2264 1249 2318 quod
1281 2277 1362 2304 non
1393 2277 1447 2303 ex
1478 2264 1540 2304 eis
1574 2265 1644 2318 qui

206 2433 245 2474 *)
272 2434 451 2466 Eiusmodi
483 2435 569 2465 illud
604 2443 683 2466 esse
719 2436 862 2467 videtur
893 2437 984 2476 quod
1016 2436 1117 2467 liuius
1149 2437 1259 2476 ipsius
1285 2438 1430 2469 fabulae
1455 2439 1572 2469 versui
1597 2440 1644 2469 69

272 2494 465 2534 ascriptum
493 2498 566 2526 est:
595 2495 769 2527 Cestrum
794 2498 881 2527 erat
906 2497 978 2527 tele
999 2505 1118 2537 genus
1141 2497 1240 2529 bello
1264 2498 1416 2538 persico
1434 2498 1644 2530 inuentum.

275 2554 407 2586 Celsus
431 2556 552 2588 libros
575 2565 663 2588 suos
689 2567 711 2588 a
736 2558 929 2590 uarietate
954 2567 1084 2589 rerum
1110 2559 1229 2589 cestus
1254 2559 1421 2591 uocauit.
1458 2560 1559 2590 Vnde
1583 2560 1644 2590 Ia-

271 2615 351 2646 cobi
366 2616 553 2655 Bernaysii
569 2617 682 2648 nostri
702 2619 818 2649 thema
839 2618 1032 2657 profectum
1059 2621 1110 2648 est
1136 2618 1419 2650 Heracliteorum
1445 2618 1645 2658 particulae

272 2675 300 2716 1,
331 2683 422 2715 quac
456 2677 600 2707 Bonnae
629 2686 662 2708 a.
696 2686 990 2710 crolocccxnvm.
1029 2678 1180 2719 prodiit,
1216 2678 1431 2710 subiectum:
1469 2678 1642 2710 ‘Cornelii

271 2735 368 2769 Celsi
393 2738 678 2779 encyclopaedia
703 2748 773 2772 non
799 2740 970 2780 inscripta
994 2742 1074 2772 erat
1099 2741 1144 2772 de
1169 2740 1333 2782 artibus,
1357 2742 1418 2772 sed
1441 2739 1599 2773 θεαταὶ.)
