1728 2947
175 118 217 158 X

174 237 298 292 forte,
329 243 372 277 ut
389 236 452 290 fit,
485 237 608 277 etiam
630 237 711 277 alia
733 237 939 291 quaedam
970 240 1065 278 sive
1095 238 1134 278 in
1168 239 1311 279 verbis
1341 239 1436 279 sive
1467 240 1505 280 in
1533 252 1637 281 sen-

174 327 316 367 tentiis
345 332 540 378 corrupta
583 332 656 366 aut
700 327 924 367 obscurata
968 328 1037 367 vel
1081 327 1311 381 indagarim
1355 328 1520 368 felicius
1567 328 1637 368 vel

173 417 432 470 probabilius
461 418 664 467 sanarim,
693 422 833 455 tamen
865 429 945 456 non
979 417 1122 456 nescio
1154 429 1280 469 quam
1307 416 1386 457 hoc
1415 417 1471 456 sit
1499 417 1636 457 modi-

174 518 266 546 cum
299 517 398 557 prae
428 510 489 544 tot
519 505 706 558 egregiis
735 505 971 552 inventisa)
995 511 1166 558 tamque
1187 506 1403 557 praeclaro
1424 507 1636 558 exemplo,

172 593 324 646 quibus
354 593 446 644 plus
477 604 600 645 quarn
634 593 880 644 cuiusquam
913 593 1028 632 curis
1054 598 1097 632 et
1120 592 1374 633 Bacchidum
1399 593 1638 633 emendatio

174 688 217 722 et
249 694 343 722 mea
373 681 623 722 emendandi
654 695 781 734 opera
811 681 976 722 debeat.
1035 682 1159 733 Quae
1177 683 1311 722 virtus
1330 684 1368 722 in
1390 683 1500 723 nulla
1519 689 1638 735 parte

175 769 428 810 luculentius
454 782 577 822 quam
605 769 644 808 in
671 770 909 809 canticis
937 771 1286 824 canticorumque
1307 771 1512 811 similibus
1533 783 1635 811 sce-

175 859 240 898 nis
279 864 506 898 metrorum
544 858 754 898 varietate
796 859 1034 911 insignibus
1072 860 1232 899 enituit.
1293 860 1481 911 Quorum
1513 872 1636 913 quam

173 950 229 987 sit
258 958 416 999 anceps
443 952 485 986 et
513 946 671 985 lubrica
702 948 922 999 tractatio,
965 947 1284 987 evidentissime
1328 954 1466 987 semet
1502 948 1637 1000 ipsum

173 1036 426 1088 corrigentis
457 1034 652 1086 exempla
684 1033 837 1074 docent
869 1047 976 1088 quae
1005 1035 1044 1074 in
1073 1035 1175 1074 libro
1207 1034 1260 1074 de
1280 1035 1442 1084 metris,
1473 1035 1512 1074 in
1531 1035 1636 1074 Ele-

173 1129 326 1167 mentis
356 1126 573 1167 doctrinae
603 1127 821 1177 metricae,
854 1128 893 1165 in
929 1126 1020 1177 ipsa
1049 1124 1227 1178 denique
1257 1137 1416 1176 nupera
1452 1124 1635 1164 editione

172 1216 296 1256 huius
324 1215 495 1256 fabulae
523 1215 603 1254 sibi
634 1221 950 1254 successerunt.
983 1213 1094 1264 Quid
1112 1214 1238 1265 igitur
1258 1212 1423 1264 mirum,
1453 1215 1492 1252 si
1521 1218 1636 1252 certo

174 1316 312 1356 eoque
340 1316 453 1343 novo
484 1302 691 1356 praesidio
731 1303 807 1343 tuti
838 1303 1058 1355 aliquoties
1088 1302 1158 1342 vel
1190 1301 1387 1355 progredi
1419 1303 1526 1341 ultra
1554 1314 1636 1352 po-

172 1399 373 1432 stremum
418 1392 657 1443 exemplum
702 1392 1057 1431 Hermannianum
1099 1392 1193 1432 ausi
1233 1402 1382 1430 sumus
1422 1403 1503 1430 non
1542 1392 1636 1430 sine

174 1491 252 1532 spe
283 1479 471 1532 indagati
503 1477 622 1519 veri?
689 1479 734 1518 Id
765 1486 902 1519 autem
936 1479 1190 1531 praesidium
1225 1491 1319 1518 cum
1352 1479 1391 1517 in
1423 1478 1635 1530 Prolego-

173 1568 307 1605 menis
340 1566 569 1604 Trinummi
600 1578 636 1616 p.
670 1576 765 1605 ccc.
800 1564 965 1604 ostendi
996 1571 1081 1604 tum
1113 1564 1167 1604 ad
1199 1563 1452 1603 Bacchidum
1481 1563 1633 1603 v.612.

169 1651 265 1693 643.
296 1653 389 1692 989.
425 1652 547 1692 1100.
574 1652 691 1691 1166.
724 1652 830 1692 1190
858 1653 1067 1705 explicavi
1098 1665 1120 1692 e
1150 1665 1349 1692 versuum
1380 1654 1420 1692 in
1457 1652 1510 1693 13
1544 1653 1633 1692 dis-

179 1743 404 1783 tributione
434 1745 536 1795 peti,
569 1744 719 1796 quippe
750 1755 858 1795 quae
891 1744 1135 1795 plerumque
1168 1748 1239 1781 aut
1262 1743 1522 1794 antiquitatis
1543 1755 1638 1782 me·-

172 1831 345 1870 moriam
377 1837 523 1870 servet
554 1836 624 1870 aut
665 1831 858 1870 turbatae
892 1833 1094 1884 pristinae
1123 1832 1420 1871 concinnitatis
1451 1831 1637 1870 manife-

174 1924 268 1958 stas
308 1930 489 1958 caussas
533 1919 697 1959 habeat.
765 1919 852 1959 Sed
892 1925 1031 1958 tamen
1071 1932 1160 1959 cum
1201 1920 1268 1957 vel
1312 1919 1374 1959 sic
1407 1919 1537 1958 multa
1566 1924 1638 1957 aut

173 2008 332 2047 intacta
362 2006 637 2058 relinquenda
667 2014 814 2046 essent
845 2019 951 2058 quae
981 2018 1060 2046 nec
1082 2006 1273 2045 Plautina
1304 2018 1383 2046 nec
1410 2006 1491 2046 ullo
1512 2005 1635 2045 modo

196 2159 238 2202 ss)
265 2160 429 2202 Qualium
465 2160 570 2190 etiam
604 2159 637 2190 in
673 2159 878 2190 Trinummo
913 2158 1099 2190 multitudo
1134 2159 1200 2190 iam
1233 2159 1312 2190 mihi
1337 2159 1413 2198 ipse
1439 2167 1634 2190 suscenseo

262 2225 353 2263 quod
379 2232 421 2253 ex
447 2222 680 2253 annotatione
706 2231 784 2253 mea
810 2231 878 2253 non
905 2227 974 2254 tam
1001 2223 1119 2254 elucet
1144 2232 1246 2262 quam
1266 2222 1298 2252 id
1321 2227 1358 2252 ut
1374 2222 1477 2253 fieret
1498 2222 1634 2252 debitus

264 2284 469 2314 Hermanno
496 2285 609 2314 honos
634 2284 809 2324 exigebat.
860 2285 947 2315 Nam
975 2283 1007 2314 in
1035 2284 1066 2314 id
1093 2292 1197 2314 unum
1223 2282 1393 2319 intentus,
1421 2285 1458 2313 ut
1480 2289 1567 2321 quae
1589 2281 1634 2311 ad

260 2345 368 2383 ipsam
395 2353 464 2375 rem
493 2345 651 2375 facerent
676 2349 808 2383 quanta
835 2352 973 2383 possem
1001 2344 1177 2374 brevitate
1203 2343 1469 2381 complecterer,
1506 2341 1636 2373 identi-

259 2404 334 2433 dem
372 2403 471 2433 nimis
504 2405 707 2434 chartarum
743 2411 869 2442 parcus
901 2403 1015 2433 solius
1049 2402 1273 2433 Ambrosiani
1310 2402 1549 2433 testimonium
1584 2401 1635 2432 eis

261 2463 450 2502 scripturis
487 2464 635 2502 apposui
674 2472 761 2504 quas
799 2464 928 2503 pridem
963 2463 1155 2495 Hermanni
1191 2463 1376 2501 sagacitas
1414 2465 1635 2502 occupasset.

262 2524 341 2555 Non
369 2533 454 2564 par,
487 2526 548 2555 sed
581 2524 706 2555 similis
732 2524 824 2555 ratio
849 2525 1067 2564 quarundam
1095 2524 1226 2563 Guyeti
1253 2523 1537 2554 emendationum
1565 2525 1636 2553 est:

261 2585 388 2625 quibus
414 2590 556 2624 praeter
580 2585 683 2616 huius
709 2585 922 2617 mentionem
948 2585 1051 2616 etiam
1078 2585 1270 2616 Hermanni
1303 2594 1431 2617 nomen
1456 2584 1635 2615 ascribere

263 2645 390 2677 iccirco
416 2646 584 2677 debebam
610 2647 715 2686 quod,
741 2646 806 2677 nisi
831 2645 926 2677 fallit
950 2645 1170 2685 coniectura,
1197 2645 1330 2684 Guyeti
1356 2653 1499 2685 operam
1523 2644 1635 2675 Plau-

263 2705 373 2736 tinam
409 2710 471 2737 aut
508 2715 577 2737 non
614 2707 759 2739 viderat
796 2707 1021 2738 Hermannus
1057 2708 1119 2737 aut
1156 2705 1361 2738 Trinummo
1394 2704 1635 2737 emendandae

263 2773 335 2797 non
361 2766 531 2798 adhibuit.
