1728 2947
1515 93 1598 132 Vll

137 212 264 253 hodie
292 214 546 266 superstites
576 221 672 253 sunt
700 214 962 266 antiquitatis
986 215 1167 255 fontibus
1187 215 1380 255 haustum
1402 217 1473 267 sit,
1502 217 1600 256 No-

136 302 204 340 nio
235 302 515 353 potissimum,
549 300 763 353 Chai-isio,
795 302 1028 355 Prisciano,
1061 304 1280 357 varrone,
1317 305 1451 344 Plinio
1481 306 1600 345 aliis-

135 403 218 442 que
239 392 513 443 scriptoribus
533 392 729 444 plnrimis.
790 393 924 432 Cuius
950 393 1165 433 doctrinae
1188 395 1382 446 exempla
1402 395 1599 446 proposui

135 478 174 517 in
216 480 427 531 prooemio
469 479 551 519 ind.
593 480 726 519 schol.
768 487 872 520 aest.
908 481 1023 519 Bonn
1068 494 1105 520 a.
1136 490 1464 532 cmmcccxmu,
1497 495 1598 534 quo,

136 570 332 621 quicquid
364 570 618 608 scholiorum
650 569 1122 621 interpretationumque
1155 570 1439 608 Plautinarum
1484 570 1520 607 in
1551 569 1602 607 li-

136 660 221 699 bris
249 672 348 700 mss.
377 660 501 700 hodie
532 666 754 712 superstes
775 666 855 709 est,
888 660 1005 699 brevi
1028 661 1265 698 narratione
1289 657 1601 709 comprehendi.

243 746 283 791 S
315 749 626 788 Laurentianus
656 749 709 801 pl.
739 761 892 788 xxxvi.
922 748 997 799 37,
1039 749 1077 787 in
1119 747 1408 800 pulcherrimis
1442 747 1602 786 formae

136 839 348 876 maximae
391 838 642 876 membranis
683 848 850 885 ccxcv,
887 849 1086 876 versuum
1120 847 1280 889 xxxw,
1324 835 1603 888 pulcherrime

133 926 329 978 scriptus.
390 925 524 965 Cuius
555 926 789 964 simillimus
820 932 887 965 est

246 1013 301 1058 U
332 1017 640 1056 Laurentianus
672 1016 723 1068 pl.
755 1028 922 1055 xxxvn.
955 1014 1025 1064 38,
1060 1015 1145 1067 pari
1178 1020 1221 1053 et
1251 1013 1602 1060 membranarum,

135 1118 244 1158 quae
276 1118 447 1144 numero
479 1116 656 1145 conxxv
687 1111 806 1154 sunt,
840 1116 1037 1142 versuum
1069 1114 1254 1152 xxxvu,
1292 1107 1333 1139 et
1368 1100 1604 1152 scripturae

137 1206 232 1233 cum
266 1194 401 1233 forma
431 1200 518 1232 tum
552 1194 775 1243 elegantia.
821 1193 917 1231 Fuit
948 1192 982 1230 is
1013 1191 1113 1230 liber
1133 1189 1368 1229 ‘Francisci
1388 1186 1603 1228 Sassetti?

135 1282 336 1321 Vltimam
368 1282 650 1320 membranam
686 1279 755 1319 ‘de
786 1280 874 1319 vita
905 1278 1222 1329 comoediisque
1246 1277 1378 1316 Plauti
1402 1281 1607 1327 excerpta

134 1369 341 1423 quaedam
374 1383 427 1409 ex
457 1369 698 1408 auctoribus
728 1365 1010 1420 gravissimis*
1042 1375 1253 1418 occupant
1286 1365 1322 1403 h.
1350 1378 1385 1403 e.
1408 1363 1604 1405 Gelliana

135 1462 260 1503 Noct.
291 1463 377 1502 Att.
411 1475 437 1510 1,
466 1461 532 1500 24.
563 1472 638 1508 xv,
667 1461 720 1499 24
749 1471 845 1498 cum
878 1459 1097 1498 similibus.

245 1547 301 1591 V
334 1549 646 1588 Laurentianus
676 1548 728 1599 pl.
759 1558 910 1586 xxxvl.
944 1546 1018 1589 39,
1062 1545 1186 1585 modo
1224 1545 1447 1597 descriptis
1479 1545 1601 1585 codi-

138 1637 257 1677 cibus
287 1636 352 1674 vir
382 1636 552 1675 inferior
583 1633 905 1686 pulchritudine,
940 1633 1271 1672 membranarum
1306 1643 1481 1672 ceuxiv.
1513 1632 1605 1671 for-

134 1739 229 1766 mae
271 1728 507 1772 maximae,
554 1737 755 1763 versuum
797 1734 959 1775 xxxvl,
1001 1733 1096 1760 cum
1144 1721 1224 1760 hac
1269 1720 1604 1772 subscriptione:

136 1815 258 1856 ‘liber
287 1816 403 1855 Petri
425 1816 488 1854 l)e
507 1814 698 1854 Medicis.
720 1814 822 1853 Cos.
846 1812 935 1852 Fit!
968 1810 1090 1861 Quae
1121 1810 1158 1849 ei
1190 1809 1449 1859 subscriptio
1481 1821 1602 1849 com-

138 1904 273 1943 munis
304 1909 369 1942 est
401 1915 496 1941 cum

245 1988 335 2032 W
367 1990 651 2029 Laurentiano
680 1989 732 2041 pl.
763 2001 913 2028 xxxvl.
945 1987 1012 2032 41,
1046 1988 1140 2026 item
1171 1984 1437 2035 nitidissimo,
1468 1996 1603 2022 mem-

136 2079 359 2118 branarum
393 2077 582 2117 eiusdem
616 2077 776 2115 formae
808 2087 1062 2124 ccxxxviii,
1096 2086 1296 2112 versuum
1328 2084 1486 2112 xxxm:
1522 2071 1604 2111 ad-

138 2166 226 2206 dito
258 2167 296 2205 in
327 2166 411 2205 fine
442 2168 748 2219 epigrammate
773 2166 977 2205 Plautino.
1038 2166 1118 2204 Est
1147 2165 1182 2203 is
1213 2165 1279 2203 ille
1310 2162 1448 2202 codex
1480 2175 1602 2214 quem

138 2254 192 2294 de
229 2254 323 2293 bibl.
358 2253 588 2292 Alexandr.
629 2267 666 2305 p.
710 2253 786 2291 115
824 2252 908 2291 dixi
946 2251 1149 2303 singulari
1188 2249 1364 2289 artificio
1403 2261 1603 2288 versuum

142 2341 322 2380 omnium
355 2342 554 2380 ambitum
587 2352 841 2391 exaequare.

254 2432 416 2471 Horum
447 2444 527 2471 sex
562 2432 779 2481 librorum,
821 2440 1048 2480 eorumque
1079 2438 1186 2478 quos
1216 2424 1423 2477 prioribus
1454 2423 1606 2462 fabulis

142 2518 312 2558 adhibui
344 2532 517 2558 numero
548 2518 765 2570 sedecim,
809 2517 1117 2567 discrepantem
1157 2514 1404 2565 scripturam
1438 2523 1603 2550 omnem

145 2619 219 2659 per
251 2606 424 2658 primam
455 2618 627 2645 scenam
658 2602 914 2644 Bacchidum
947 2601 1029 2639 hoc
1058 2598 1232 2638 consilio
1267 2594 1514 2647 composui,
1557 2597 1603 2632 ut

144 2696 282 2737 denuo
311 2696 615 2749 intelligeretur
646 2706 770 2748 quam
801 2691 897 2732 nihil
929 2689 1069 2730 auxilii
1099 2688 1152 2728 ad
1173 2685 1477 2727 emendandum
1500 2696 1606 2736 poe-
