1728 2947
115 107 220 148 Vm

117 235 203 268 tam
234 226 492 266 noviciorum
520 224 739 265 multitudo
763 223 954 264 codicum
976 224 1159 264 afferret.
1218 227 1263 264 In
1286 238 1458 279 quorum
1481 237 1577 278 pes-

115 315 234 357 simis
264 315 390 355 facile
421 325 532 353 nunc
561 314 779 365 apparebit
806 314 1028 365 plerosque
1047 312 1268 352 Mediceos
1291 325 1402 354 esse.
1461 313 1583 364 Quo-

118 418 209 444 rum
251 403 473 443 collatione
514 405 589 441 vix
625 403 849 454 quicquam
893 403 1108 454 proficitur
1150 403 1227 441 nisi
1269 405 1445 454 primum
1484 402 1582 451 hoc,

121 491 233 545 quod
253 490 306 530 ad
325 490 515 530 codicum
536 486 633 532 Sl]
653 488 965 528 similitudinem
996 489 1185 541 proxime
1213 491 1460 529 accessisse
1487 501 1583 528 eum

119 581 267 620 librum
308 580 584 632 perspicimus
622 593 646 619 e
687 591 767 631 quo
813 579 1072 631 princeps
1115 579 1352 632 exemplum
1396 580 1588 620 Merulae

121 667 294 708 ductum
327 674 415 709 est:
447 669 647 718 alterum,
680 666 789 718 quod
822 666 1005 705 Brixiani
1038 667 1220 719 exempli
1254 667 1456 707 editorem
1489 670 1588 722 Py-

120 756 288 797 ladem
321 758 604 809 cognovimus
635 756 788 796 multas
820 756 1070 795 mutationes
1093 768 1212 808 suas,
1246 758 1369 796 etiam
1399 758 1468 796 ubi
1503 760 1587 797 ‘co-

121 847 236 885 dices
254 845 463 897 ante'quos’
485 857 567 883 non
590 851 844 895 antestetur,
870 850 1008 885 tamen
1031 857 1112 883 non
1131 843 1284 884 debere
1301 846 1588 898 coniecturae,

123 934 201 973 sed
233 934 495 986 interpolatis
527 933 638 972 libris
672 945 770 972 mss.
803 939 1002 985 acceptas
1032 933 1203 972 referre.

232 1022 382 1061 Veteri
413 1021 560 1062 codice
592 1022 732 1074 aliquo
764 1023 889 1060 etiam
926 1022 1122 1073 Scaliger
1153 1033 1255 1061 usus
1287 1027 1366 1072 est,
1399 1021 1438 1060 in
1469 1020 1590 1061 cuius

124 1110 481 1149 annotatiunculis
513 1109 711 1148 Leidensi
753 1110 973 1160 exemp10‚
1015 1108 1068 1148 de
1107 1120 1187 1160 quo
1232 1109 1399 1161 Proleg.
1432 1121 1469 1160 p.
1498 1119 1589 1147 ιη’.

127 1199 295 1249 dixiffj,
339 1199 536 1250 ascriptis
575 1198 683 1237 haud
726 1212 821 1238 raro
864 1199 913 1237 V.
945 1199 990 1239 C.
1024 1198 1190 1237 litterae
1221 1198 1412 1238 redeunt..
1469 1197 1590 1247 Quas

128 1294 253 1326 notas
293 1299 389 1326 cum
430 1287 523 1326 olim
567 1295 784 1338 putassem
830 1286 881 1325 ad
913 1293 1102 1325 veterem
1136 1286 1324 1326 codicem
1360 1286 1593 1326 Camerarii

129 1374 242 1424 (B)
282 1381 506 1427 spectare,
553 1388 728 1428 quocum
770 1382 1018 1427 exprompta
1063 1389 1086 1415 a
1121 1377 1342 1429 Scaligero
1379 1377 1590 1429 scriptura

128 1473 259 1512 saepe
297 1463 519 1501 convenit:
566 1468 681 1506 (nain
719 1462 788 1501 ubi
834 1462 973 1500 minus
1021 1462 1325 1514 conveniebat,
1369 1463 1408 1500 in
1438 1474 1594 1502 caussa

127 1560 228 1587 esse
259 1549 382 1588 valde
415 1550 634 1588 obscuram
658 1550 855 1602 lectuque
877 1550 1088 1590 difficilem
1114 1564 1277 1591 manum
1297 1552 1591 1604 suspicabarz)

129 1642 271 1675 tamen
301 1642 453 1688 postea
481 1637 666 1675 intellexi
696 1650 721 1676 a
755 1637 811 1678 B
843 1636 1055 1677 diversum
1088 1639 1234 1678 librum
1260 1639 1313 1678 illi
1337 1641 1377 1678 in
1401 1645 1592 1691 promptu

129 1724 288 1776 fuisse,
330 1726 500 1765 mixtam
534 1740 556 1764 e
590 1727 699 1766 bono
740 1734 781 1766 et
821 1728 1068 1780 interpolato
1107 1742 1266 1781 genere
1306 1728 1593 1768 recensionem

130 1817 359 1864 tenentem,
377 1813 451 1852 sed
470 1813 676 1865 quaedam
694 1816 820 1853 etiam
839 1815 1070 1867 singularia
1093 1815 1332 1868 habentem,
1352 1821 1395 1854 ut
1412 1828 1454 1855 v.
1474 1814 1594 1854 1094.

152 1986 195 2029 ³¹²)
221 1989 297 2018 flue
323 1988 534 2027 exemplum,
563 1988 829 2026 Antverpiense
855 1988 997 2018 Ioannis
1012 1987 1194 2027 sambuci,
1220 1988 1251 2017 in
1268 1988 1414 2027 Parerg.
1430 1988 1457 2028 Ι,
1471 1995 1506 2025 p.
1520 1986 1593 2016 575

218 2052 363 2082 narravi
398 2052 484 2081 haec
514 2051 547 2081 in
584 2052 700 2081 fronte
735 2052 869 2089 scripta
899 2052 1103 2081 ostendere:
1137 2051 1277 2081 ‘Omnia
1310 2058 1398 2088 quae
1431 2050 1462 2079 in
1498 2049 1593 2080 libro

219 2112 289 2143 isto
315 2116 490 2143 annotata
514 2118 617 2151 suut,
651 2112 825 2151 scaligeri
853 2120 871 2142 e
897 2111 998 2141 libris
1024 2112 1209 2150 descripsit
1234 2111 1494 2150 Commelinus‚
1529 2114 1592 2141 aut

221 2173 426 2206 Gruterus.’
475 2176 670 2205 Praeterea
694 2180 811 2204 autem
838 2174 870 2204 in
897 2173 1094 2212 praemissa
1119 2173 1198 2203 libri
1225 2173 1330 2204 indici
1354 2174 1483 2204 scheda
1507 2173 1593 2203 haec

219 2236 412 2276 leguntur:
439 2235 554 2277 ‘Quae
572 2235 814 2274 Hieronymus
830 2234 1067 2266 Commelinus
1092 2234 1167 2265 heic
1192 2235 1379 2264 annotauit
1404 2235 1447 2264 ad
1476 2243 1592 2273 oram,

222 2297 372 2335 sumpsit
397 2296 608 2335 escaligeri
625 2296 763 2326 Plauto.
812 2297 859 2326 At
885 2295 992 2326 alium
1020 2296 1141 2326 deinde
1168 2296 1332 2326 Plautum
1359 2295 1481 2325 habuit
1504 2294 1592 2325 idem

219 2358 387 2397 Scaliger
413 2359 467 2388 ubi
495 2358 666 2397 pleraque
692 2363 793 2388 erant
823 2366 909 2398 quae
934 2358 1178 2397 adscripserat
1203 2357 1315 2396 priori
1341 2357 1443 2388 libro.
1482 2367 1594 2397 quae-

221 2419 300 2448 dam
333 2422 451 2447 tamen
485 2417 529 2447 ibi
561 2418 697 2448 minime
729 2418 994 2454 comparebant.
1027 2417 1139 2447 multo
1175 2422 1291 2447 tamen
1319 2417 1423 2455 plura
1448 2417 1595 2447 ultimus

220 2477 279 2508 ille
311 2477 620 2516 complectebatur
654 2486 741 2517 quae
776 2478 850 2508 heic
875 2486 943 2517 ego
969 2478 1147 2508 Gruterus
1172 2477 1320 2516 ascripsi
1349 2477 1489 2518 (1620)
1514 2485 1592 2507 eum

221 2541 349 2567 nactus
373 2546 394 2567 a
420 2537 613 2575 Rutgersio
640 2537 771 2574 Regiae
796 2537 946 2568 sueciae
973 2537 1207 2576 magistratus
1241 2537 1366 2577 legato
1401 2537 1445 2566 ad
1473 2544 1591 2576 regem

222 2597 351 2628 Bohem
377 2598 466 2628 miae
494 2598 592 2629 urus,
642 2599 781 2629 interim
806 2599 866 2628 NB
893 2598 1004 2628 multa
1030 2598 1077 2628 ita
1095 2601 1317 2628 evanuerant
1333 2598 1377 2628 ob
1393 2597 1594 2628 litterarum

220 2658 412 2688 exilitatem
443 2660 480 2687 et
511 2658 701 2688 atramenti
734 2658 890 2689 colorem
929 2658 1116 2689 evanidum
1155 2662 1193 2689 ut
1229 2657 1443 2689 coniecerim
1479 2658 1595 2696 potius

223 2720 400 2752 nonnulla
424 2729 526 2760 quam
552 2718 831 2758 descripserim)
