1728 2947
1499 99 1559 138 ΙΧ

85 223 222 270 Eique
263 222 366 261 libro
401 221 578 261 dubitari
617 221 763 272 nequit
800 221 900 273 quin
936 221 1061 260 etiam
1102 233 1183 260 non
1225 226 1554 261 commemorato

87 310 305 348 nonnullas
338 310 534 361 Scaliger
565 316 831 348 correcturas
862 309 902 348 in
941 307 1114 348 schedis
1151 309 1228 348 illis
1259 309 1466 348 Parisinis
1496 312 1558 356 (n.

82 397 216 444 8185)
246 398 522 450 consignatas
553 396 719 447 debeat,
753 397 871 436 velut
894 399 1151 449 obsequendo
1179 411 1220 439 v.
1245 397 1368 448 1082,
1393 398 1556 437 tumul-

86 488 229 524 tuanli
255 489 422 523 nomine
451 497 492 523 v.
528 483 655 525 1¹20:
705 483 841 537 qualia
872 482 1064 536 quidem,
1108 484 1143 522 si
1171 484 1270 523 nulli
1301 496 1430 536 posse
1461 483 1554 523 usui

87 586 187 614 esse
219 573 473 623 viderentur,
506 573 672 613 silentio
707 573 1078 626 praetermittenda
1108 574 1223 614 duxi.

197 664 429 703 Praeterea
460 663 512 702 de
543 661 603 704 B
636 669 773 702 restat
804 669 847 703 ut
871 669 1110 714 annotetur,
1144 663 1422 702 creberrimas
1448 675 1559 716 quae

85 752 123 791 in
157 752 228 791 illo
259 759 371 802 sunt,
402 758 443 791 et
476 754 602 792 multo
623 752 788 805 quidem
809 754 1044 793 crebriores
1070 753 1108 792 in
1130 752 1411 792 Bacchidibus
1434 764 1556 804 quam

83 842 154 880 vel
187 841 224 879 in
257 841 502 881 Trinummo
534 842 601 881 vel
623 844 662 881 in
686 842 836 893 Milite,
868 847 909 880 et
941 853 1112 880 rasuras
1140 847 1182 880 et
1215 840 1404 881 radendo
1437 847 1553 881 ortas

84 929 262 969 lacunas
303 943 383 968 non
427 929 478 970 ad
520 930 796 983 corrigendae
836 934 1073 983 scripturae
1103 931 1326 972 consilium
1356 936 1556 982 spectare

87 1029 250 1069 omnes,
281 1017 358 1057 sed
389 1031 543 1071 magna
572 1033 625 1058 ex
659 1026 778 1071 parte
805 1019 858 1059 ad
890 1018 1114 1060 tollendam
1151 1020 1422 1059 membranae
1451 1031 1555 1059 sca-

85 1106 247 1145 britiem
278 1106 417 1145 factas
446 1119 557 1146 esse.
617 1108 866 1158 Quanquam
897 1107 1076 1158 singulis
1105 1107 1145 1146 in
1179 1108 1282 1148 locis
1313 1115 1447 1148 utram
1481 1121 1555 1148 ra-

86 1207 188 1234 sura
231 1207 429 1234 caussam
475 1195 694 1247 habuerit,
744 1196 872 1235 valde
917 1198 1161 1251 ambiguum
1209 1209 1308 1237 esse
1354 1197 1552 1237 iudicium

87 1285 273 1325 solet.-
299 1283 500 1323 Ceterum
533 1284 659 1322 fontis
691 1298 715 1323 e
745 1297 827 1336 quo
858 1283 917 1325 B
951 1284 1068 1323 fluxit
1101 1287 1393 1336 antiquitatem
1425 1286 1552 1324 etiam

87 1371 115 1409 lc
147 1371 311 1410 litterae
341 1383 416 1422 pro
447 1373 475 1409 Ιι
505 1372 669 1422 positae
700 1372 740 1410 in
771 1372 907 1423 priore
936 1372 1196 1423 potissimum
1239 1372 1405 1411 fabulae
1436 1378 1555 1424 parte

88 1459 324 1510 frequentia
356 1460 515 1510 prodit:
560 1473 653 1499 nam
683 1473 767 1499 non
798 1461 879 1499 alia
910 1460 1046 1500 forma
1077 1461 1154 1499 nisi
1185 1459 1266 1500 hac
1298 1460 1335 1499 K
1368 1459 1554 1499 Ambro-

88 1545 249 1586 sianum
282 1547 341 1586 uti
372 1559 450 1586 suo
481 1547 574 1587 loco
607 1560 739 1599 nuper
769 1549 985 1586 annotavi.

199 1636 341 1686 Ipsius
373 1642 512 1674 autem
541 1635 599 1677 B
622 1636 780 1675 codicis
811 1637 1130 1688 scripturaeque
1162 1636 1200 1675 in
1232 1649 1282 1675 eo
1302 1648 1455 1688 reapse
1476 1648 1558 1675 ex-

89 1724 242 1763 stantis
275 1726 482 1777 ignoratio
516 1738 597 1764 una
628 1731 695 1764 est
728 1737 871 1763 earum
904 1737 1172 1776 caussarum,
1203 1725 1380 1777 quibus,
1414 1730 1459 1763 ut
1490 1724 1560 1764 vel

91 1811 210 1853 God
229 1813 357 1852 ofre
376 1813 428 1852 di
462 1815 760 1854 Hermanni
790 1816 1014 1867 ingeniosa
1045 1829 1174 1868 opera
1204 1819 1244 1856 in
1276 1816 1559 1869 perpoliendis

90 1901 368 1941 Bacchidibus
407 1904 546 1954 posita
587 1906 838 1955 relinqueret
878 1905 991 1957 quod
1029 1905 1239 1944 emendari
1274 1917 1402 1957 posse
1433 1905 1558 1945 vide-

90 1996 218 2040 retur,
252 1989 448 2029 effectum
481 1996 558 2029 est.
629 1991 719 2030 Alia
754 2003 908 2030 caussa
939 2005 962 2030 e
991 1992 1227 2044 prosodiaci
1259 1994 1431 2045 generis
1464 2007 1559 2033 am-

91 2079 299 2132 biguitate
330 2079 557 2132 repetenda
588 2087 666 2120 est.
727 2083 770 2119 In
803 2094 884 2134 quo
917 2094 1009 2120 cnm
1044 2082 1110 2121 ille
1141 2082 1315 2121 mirifico
1349 2096 1431 2136 quo
1464 2085 1558 2136 pol-

90 2169 216 2219 lebat,
261 2168 337 2207 sed
369 2168 503 2208 eidem
536 2169 756 2221 aliquoties
788 2169 1064 2209 fastidiosiori
1096 2171 1255 2209 aurium
1290 2171 1443 2211 iudicio
1476 2173 1558 2211 ob-

92 2263 371 2310 temperaret,
409 2260 489 2296 etsi
523 2270 732 2310 nunquam
765 2271 846 2296 uon
880 2257 1228 2310 elegantissimos
1259 2271 1453 2297 numeros
1486 2259 1553 2298 ef-

93 2347 235 2386 finxit:
267 2352 406 2386 tamen
439 2360 537 2400 ego,
571 2359 664 2385 cum
694 2359 773 2385 non
805 2358 973 2397 possem
1006 2359 1085 2384 non
1119 2358 1193 2384 eas
1212 2349 1396 2385 rationes
1420 2350 1559 2400 sequi,

93 2436 146 2476 ad
192 2448 297 2488 quas
338 2436 628 2488 prosodiacam
672 2435 935 2487 disciplinam
970 2448 1133 2474 omnem
1168 2435 1205 2473 in
1240 2435 1560 2489 prolegomenis

95 2527 326 2567 Trinummi
355 2527 445 2577 ipse
475 2536 778 2575 revocassem,
822 2535 953 2575 saepe
984 2529 1057 2562 aut
1086 2524 1255 2561 servavi
1289 2535 1397 2574 quae
1427 2537 1558 2574 posse

96 2615 263 2656 defendi
312 2615 587 2666 intelligerem
633 2619 703 2653 aut
751 2614 869 2652 aliter
914 2618 1040 2665 atque
1084 2613 1312 2651 Hermanni
1362 2611 1557 2651 acumine

97 2705 254 2744 factum
288 2701 473 2741 viderem
506 2701 607 2740 vitia
636 2701 871 2752 scripturae
901 2697 1153 2750 corrigenda
1182 2699 1337 2750 putavi.
1412 2698 1493 2748 Qui
1523 2697 1560 2735 si
