1728 2947
130 116 215 156 ΧΠ

130 239 267 285 Dux-i,
303 236 435 275 Iza'bui
462 239 661 284 scortum,
687 234 847 286 po'tauz',
867 258 891 266 -
910 236 991 286 edi,
1023 238 1204 275 donavi:
1235 240 1402 275 atenim
1418 235 1465 275 z'd
1479 249 1588 275 raro.

244 326 395 377 Neque
419 325 633 375 plcicitant
668 338 826 373 mores,
869 324 966 376 quis
1001 326 1120 363 uideo
1154 323 1301 374 qnatz's
1338 325 1462 375 uolyo
1499 338 1592 364 esse

1011 414 1217 464 parentis.

130 498 227 548 Eyo
257 497 362 538 da're
391 499 535 538 ludum
561 503 692 548 ⁵qnato
722 498 910 548 institui,
945 521 969 529 -
1000 504 1138 540 animo
1167 500 1407 555 dbsequium
1437 509 1487 543 ut
1513 519 1591 544 su-

1017 586 1131 626 me're
1157 591 1315 637 possit:

241 671 433 722 Aequom
463 669 558 709 e'sse
582 675 710 721 pulo:
739 676 805 710 set
832 670 959 711 nimis
982 674 1076 712 nolo
1097 674 1294 714 desidiae.
1325 688 1441 716 mmo
1460 677 1590 717 Mne-

1009 762 1231 811 sz'lochum,

132 847 259 895 Quod
284 849 504 897 mendant,
543 852 657 897 uiso,
689 848 842 900 e'cquid
867 863 960 890 eum
990 853 1048 889 mi
1074 853 1131 890 ad
1152 851 1325 903 'frze'yem
1354 865 1481 902 opera
1510 865 1592 892 sua

1013 937 1264 988 co'mpulerit
1272 955 1286 979 .·

243 1025 371 1065 Sz'cu't
397 1040 489 1065 eum
519 1030 620 1074 scio,
651 1030 693 1066 .ςὶ
719 1026 928 1070 conuenit,
958 1027 1141 1079 fecisse:
1170 1042 1216 1067 eo
1237 1032 1405 1079 inyem'o
1430 1033 1592 1073 mitust.

239 1126 519 1167 Absolveram
552 1133 691 1166 autem
715 1128 972 1168 Bacchidum
1005 1129 1354 1182 emendationem,
1386 1142 1478 1170 cum
1511 1131 1592 1170 ob-

131 1215 399 1254 servationes
436 1214 639 1267 quasdam
683 1227 784 1255 suas
823 1217 969 1268 partim
1007 1217 1058 1256 ad
1090 1218 1199 1258 hanc
1229 1217 1410 1257 fabulam
1442 1219 1590 1271 partim

133 1304 185 1344 ad
219 1305 392 1343 Militem
425 1306 655 1356 gloriosum
687 1312 932 1357 spectantes
969 1307 1233 1346 Alfi-edus
1265 1307 1589 1347 Fleckeise-

126 1405 224 1432 nus
255 1393 308 1432 ad
339 1405 404 1431 me
434 1393 614 1432 tramisit
641 1393 917 1432 amicissime:
950 1406 1055 1446 quas
1087 1399 1130 1433 ut
1161 1407 1213 1434 ne
1232 1395 1363 1434 celem
1387 1395 1588 1448 lectores,

128 1487 170 1520 et
200 1481 280 1533 ipsi
309 1486 350 1520 et
383 1482 531 1521 Plauto
564 1481 720 1520 debere
749 1481 907 1521 videor.
967 1484 1100 1535 Igitur
1130 1484 1324 1523 Bacch.
1346 1498 1387 1523 v.
1406 1485 1454 1523 41
1486 1496 1590 1523 con-

128 1571 225 1608 silio
269 1582 342 1622 pro
387 1570 563 1608 concilio
607 1569 871 1609 scribendum
917 1583 1015 1610 esse
1058 1571 1125 1611 ille
1169 1584 1333 1625 quoque
1374 1571 1491 1613 vidit.
1537 1594 1589 1601 -—

127 1657 296 1697 Versus
326 1658 376 1697 51
412 1658 648 1698 dubitanter
680 1660 788 1698 hanc
819 1660 1065 1711 scripturam
1097 1661 1340 1712 proposuit:

299 1746 423 1785 Deiae
452 1759 583 1785 unum
613 1749 810 1796 expetitis
839 1746 1100 1797 palumbem:
1136 1746 1266 1797 pe'rii,
1300 1748 1462 1786 arundo
1493 1747 1590 1786 alcis

1012 1834 1223 1872 nibrat:

126 1922 165 1962 h.
197 1935 233 1961 e.
265 1921 350 1961 ‘die
381 1921 602 1961 leimruthe
632 1927 748 1960 setzt
779 1921 912 1960 moine
944 1921 1071 1973 fliigel
1103 1922 1140 1959 in
1173 1921 1481 1975 schwingende
1510 1922 1589 1961 be-

127 2006 347 2061 wcgung.’
407 2009 509 2047 Mihi
541 2009 618 2060 ipsi
649 2009 873 2061 aliquando
905 2012 944 2048 in
980 2016 1159 2049 mentem
1188 2011 1303 2048 venit
1330 2011 1466 2049 eiecto
1496 2011 1589 2048 alas

125 2097 311 2134 scribere
339 2095 470 2145 μένεϊ,
513 2097 675 2134 arundo
706 2096 921 2141 uerberat,
955 2096 993 2135 id
1026 2096 1137 2148 quod
1168 2105 1316 2148 postea
1347 2098 1433 2136 vidi
1464 2099 1587 2137 etiam

128 2183 342 2235 Guyctum
375 2184 577 2224 suadere:
617 2184 690 2222 sed
722 2197 803 2236 quo
836 2184 1013 2236 diutius,
1045 2184 1138 2237 quid
1170 2185 1347 2223 omnium
1380 2197 1477 2223 esse
1508 2198 1588 2237 ap-

125 2275 335 2314 tissimum
366 2274 594 2325 videretur,
624 2274 809 2326 cogitavi
838 2274 1173 2325 recogitavique,
1201 2284 1250 2311 eo
1281 2273 1460 2325 denique
1487 2286 1586 2313 cer-

124 2364 208 2400 tius
251 2361 304 2400 ad
342 2362 442 2401 illud
486 2362 595 2415 quod
634 2365 754 2415 posui
793 2378 923 2414 prope
953 2363 1068 2402 redii.
1102 2386 1146 2391 -
1181 2364 1234 2402 V.
1274 2364 1367 2402 121:
1399 2364 1470 2402 An
1500 2363 1588 2403 no'n

125 2451 322 2500 putas?
364 2456 446 2489 est
472 2451 657 2503 inquam.
690 2465 712 2490 o
746 2452 886 2502 Lyde,
937 2466 982 2490 es
1012 2451 1231 2491 barbarus.
1262 2474 1315 2480 —
1346 2452 1399 2493 V.
1434 2451 1514 2491 130
1543 2455 1587 2491 in

127 2543 348 2576 mentemst
376 2551 449 2589 pro
480 2542 524 2577 in
553 2544 751 2577 mentest:
792 2539 900 2590 quod
942 2540 980 2577 in
1014 2540 1283 2578 annotatione
1314 2539 1586 2578 commenda-

124 2625 279 2666 vimus.
313 2647 363 2655 -
394 2626 449 2665 V.
479 2626 579 2666 249:
619 2629 733 2666 Dum
765 2627 842 2666 me'
871 2629 1186 2677 circumspecto,
1221 2628 1346 2678 (itque
1374 2641 1449 2677 eqo
1478 2627 1584 2666 lem-

122 2713 218 2752 bum
247 2711 493 2763 conspicor.-
525 2714 677 2765 pariter
707 2721 836 2768 atque
866 2727 890 2754 a
919 2716 1040 2755 nobis
1071 2715 1246 2768 factum,
1277 2716 1359 2755 nisi
1385 2715 1492 2768 quod
1521 2728 1584 2754 me
